@article{andrews2011maes,
  title={The Maes T System and its use in the Welsh-Medium Higher Education Terminology Project},
  author={Andrews, Tegau and Prys, Gruffudd and Jones, Dewi Bryn},
  journal={Creation, Harmonization and Application of Terminology Resources},
  pages={49},
  year={2011}
}

@article{andrews2016terminology,
  title={Terminology Standardization in Education and the Construction of Resources: The Welsh Experience},
  author={Andrews, Tegau and Prys, Gruffudd},
  journal={Education Sciences},
  volume={6},
  number={1},
  pages={2},
  year={2016},
  publisher={Multidisciplinary Digital Publishing Institute}
}
@inproceedings{prys2012distributing,
  title={Distributing Terminology Resources Online: Multiple Outlet and Centralized Outlet Distribution Models in Wales},
  author={Prys, Gruffudd and Andrews, Tegau and Jones, Dewi B and Prys, Delyth},
  booktitle={The 2nd Workshop on the Creation; Harmonization and Application of Terminology Resources},
  number={72},
  pages={37--40},
  year={2012},
  organization={Link{\"o}ping University Electronic Press}
}
@inbook{Crossing2018,      
      title = {Crossing between environments: the relationship between terminological dictionaries and Wikipedia},
      author={Prys, Gruffudd and Andrews, Tegau and Jones, Dewi B and Prys, Delyth},
      booktitle = {Terminologie(s) et traduction},
      publisher = {Peter Lang},
      isbn = {9783631746431},
      year={2018}
}
@misc{prys2007guidelines,
  title={Guidelines for the Standardization of Terminology for the Welsh Assembly Government Translation Service and the Welsh Language Board},
  author={Prys, Delyth and Jones, Dewi Bryn},
  year={2007},
  publisher={Cardiff: Bwrdd yr Iaith Gymraeg (Welsh Language Board)}
}
